<record><leader>00000cas a2200000 a 4500</leader><controlfield tag="001">9767690</controlfield><controlfield tag="008">830802d18401843nyudn ne      0    0eng c</controlfield><datafield ind1=" " ind2=" " tag="010"><subfield code="a">sn 83031064 </subfield></datafield><datafield ind1=" " ind2=" " tag="040"><subfield code="a">NPU</subfield><subfield code="b">eng</subfield><subfield code="c">NPU</subfield><subfield code="d">NPX</subfield><subfield code="d">NYS</subfield><subfield code="d">OCL</subfield><subfield code="d">NYS</subfield><subfield code="d">KRTAS</subfield><subfield code="d">OCLCQ</subfield><subfield code="d">OCLCF</subfield><subfield code="d">OCLCO</subfield></datafield><datafield ind1="1" ind2=" " tag="029"><subfield code="a">AU@</subfield><subfield code="b">000020127251</subfield></datafield><datafield ind1=" " ind2=" " tag="042"><subfield code="a">pcc</subfield></datafield><datafield ind1=" " ind2=" " tag="043"><subfield code="a">n-us-ny</subfield></datafield><datafield ind1="0" ind2="0" tag="245"><subfield code="a">Brooklyn daily news and Long Island times.</subfield></datafield><datafield ind1="1" ind2="3" tag="246"><subfield code="a">Daily news and times</subfield></datafield><datafield ind1=" " ind2=" " tag="260"><subfield code="a">Brooklyn [N.Y.] :</subfield><subfield code="b">W.K. Northall and J.C. Watts</subfield></datafield><datafield ind1=" " ind2=" " tag="300"><subfield code="a">v. ;</subfield><subfield code="c">45 cm.</subfield></datafield><datafield ind1=" " ind2=" " tag="310"><subfield code="a">Daily (except Sunday)</subfield></datafield><datafield ind1="0" ind2=" " tag="362"><subfield code="a">-new ser., v. 3, no. 53 (Jan. 21, 1843).</subfield></datafield><datafield ind1="1" ind2=" " tag="362"><subfield code="a">Began with Nov. 20, 1840 issue.</subfield><subfield code="z">Cf. Sealock &amp; Seely. Long Island bibl.</subfield></datafield><datafield ind1=" " ind2=" " tag="500"><subfield code="a">Editors: W.K. Northall, &lt;1841-1842&gt;; J.C. Watts, &lt;1841&gt;; J.S. Noble, &lt;1842&gt;-1843.</subfield></datafield><datafield ind1=" " ind2=" " tag="500"><subfield code="a">Publisher: J.S. Noble, &lt;1842&gt;-1843.</subfield></datafield><datafield ind1=" " ind2=" " tag="500"><subfield code="a">"Whig."</subfield></datafield><datafield ind1=" " ind2=" " tag="588"><subfield code="a">Description based on: Vol. 1, no. 158 (May 4, 1841).</subfield></datafield><datafield ind1=" " ind2="0" tag="651"><subfield code="a">Brooklyn (New York, N.Y.)</subfield><subfield code="v">Newspapers.</subfield></datafield><datafield ind1=" " ind2="0" tag="651"><subfield code="a">Kings County (N.Y.)</subfield><subfield code="v">Newspapers.</subfield></datafield><datafield ind1=" " ind2="0" tag="651"><subfield code="a">New York (N.Y.)</subfield><subfield code="v">Newspapers.</subfield></datafield><datafield ind1=" " ind2="7" tag="655"><subfield code="a">Newspapers.</subfield><subfield code="2">fast</subfield><subfield code="0">(OCoLC)fst01423814</subfield></datafield><datafield ind1=" " ind2="7" tag="651"><subfield code="a">New York (State)</subfield><subfield code="z">Kings County.</subfield><subfield code="2">fast</subfield><subfield code="0">(OCoLC)fst01220099</subfield></datafield><datafield ind1=" " ind2="7" tag="651"><subfield code="a">New York (State)</subfield><subfield code="z">New York.</subfield><subfield code="2">fast</subfield><subfield code="0">(OCoLC)fst01204333</subfield></datafield><datafield ind1=" " ind2="7" tag="651"><subfield code="a">New York (State)</subfield><subfield code="z">New York</subfield><subfield code="z">Brooklyn.</subfield><subfield code="2">fast</subfield><subfield code="0">(OCoLC)fst01312516</subfield></datafield><datafield ind1="1" ind2=" " tag="700"><subfield code="a">Northall, W. K.</subfield></datafield><datafield ind1="1" ind2=" " tag="700"><subfield code="a">Watts, J. C.</subfield></datafield><datafield ind1=" " ind2=" " tag="752"><subfield code="a">United States</subfield><subfield code="b">New York</subfield><subfield code="c">Kings</subfield><subfield code="d">Brooklyn (New York, N.Y.)</subfield></datafield><datafield ind1=" " ind2=" " tag="752"><subfield code="a">United States</subfield><subfield code="b">New York</subfield><subfield code="d">New York.</subfield></datafield><datafield ind1="0" ind2="0" tag="780"><subfield code="t">Long Island daily times</subfield></datafield><datafield ind1="0" ind2="0" tag="785"><subfield code="t">Brooklyn daily news (Brooklyn, N.Y. : 1843)</subfield><subfield code="w">(DLC)sn 83030777</subfield><subfield code="w">(OCoLC)9668435</subfield></datafield><datafield ind1=" " ind2=" " tag="938"><subfield code="a">Kirtas Technologies, Inc.</subfield><subfield code="b">KRTS</subfield><subfield code="n">737204</subfield></datafield></record>